@inproceedings{Wang2012,
    author = {Wang, Guohui and Ng, T.S. Eugene and Shaikh, Anees},
    title = {Programming Your Network at Run-time for Big Data Applications},
    booktitle = {Proceedings of the First Workshop on Hot Topics in Software Defined Networks},
    series = {HotSDN '12},
    year = {2012},
    isbn = {978-1-4503-1477-0},
    location = {Helsinki, Finland},
    pages = {103--108},
    numpages = {6},
    url = {http://doi.acm.org/10.1145/2342441.2342462},
    doi = {10.1145/2342441.2342462},
    acmid = {2342462},
    publisher = {ACM},
    address = {New York, NY, USA},
    keywords = {big data applications, optical circuit switching, software defined networking}
}
@inproceedings{Wolf2014,
    author={Rodiger, Wolf and Muhlbauer, Tobias and Unterbrunner, Philipp and Reiser, Angelika and Kemper, Alfons and Neumann, Thomas},
    booktitle={Data Engineering (ICDE), 2014 IEEE 30th International Conference on},
    title={Locality-sensitive operators for parallel main-memory database clusters},
    year={2014},
    month={March},
    pages={592-603},
    keywords={Algorithm design and analysis;Bandwidth;Correlation;Database systems;Distributed databases;Partitioning algorithms},
    doi={10.1109/ICDE.2014.6816684}
}
@inproceedings{Xiong2014,
    author = {Xiong, Pengcheng and Hacigumus, Hakan and Naughton, Jeffrey F.},
    title = {A Software-defined Networking Based Approach for Performance Management of Analytical Queries on Distributed Data Stores},
    booktitle = {Proceedings of the 2014 ACM SIGMOD International Conference on Management of Data},
    series = {SIGMOD '14},
    year = {2014},
    isbn = {978-1-4503-2376-5},
    location = {Snowbird, Utah, USA},
    pages = {955--966},
    numpages = {12},
    url = {http://doi.acm.org/10.1145/2588555.2593681},
    doi = {10.1145/2588555.2593681},
    acmid = {2593681},
    publisher = {ACM},
    address = {New York, NY, USA},
    keywords = {analytical queries, distributed data stores, software-defined networking},
}
